<?xml version="1.0" encoding="UTF-8"?>
<custom:root xmlns:custom="http://foobar">
  <collection xmlns="info:lc/xmlns/marcxchange-v2" xsi:schemaLocation="info:lc/xmlns/marcxchange-v2 http://www.loc.gov/standards/iso25577/marcxchange-2-0.xsd" xmlns:xsi="http://www.w3.org/2001/XMLSchema-instance">
    <record format="MarcXchange" type="Holdings">
      <leader>00366ny  a22001693n 4500</leader>
      <controlfield tag="001">273652109</controlfield>
      <controlfield tag="003">DE-101</controlfield>
      <controlfield tag="004">1043033122</controlfield>
      <controlfield tag="005">20131016150425.0</controlfield>
      <controlfield tag="008">131016||||||||||||||||ger|||||||</controlfield>
      <datafield tag="016" ind1="7" ind2=" ">
        <subfield code="a">2737752-0</subfield>
        <subfield code="2">DE-600</subfield>
      </datafield>
      <datafield tag="092" ind1=" " ind2=" ">
        <subfield code="a">501001-9</subfield>
        <subfield code="d">38 M</subfield>
        <subfield code="k">NRW</subfield>
        <subfield code="l">a</subfield>
        <subfield code="o">b</subfield>
      </datafield>
      <datafield tag="852" ind1=" " ind2=" ">
        <subfield code="8">1</subfield>
      </datafield>
      <datafield tag="852" ind1=" " ind2="1">
        <subfield code="c">Zs.A 7009</subfield>
        <subfield code="9">00</subfield>
      </datafield>
      <datafield tag="852" ind1=" " ind2=" ">
        <subfield code="a">DE-38M</subfield>
      </datafield>
      <datafield tag="859" ind1="0" ind2="1">
        <subfield code="8">1.1\x</subfield>
        <subfield code="i">2013</subfield>
      </datafield>
      <datafield tag="866" ind1="3" ind2="0">
        <subfield code="a">A30.2013 -</subfield>
      </datafield>
    </record>
    <record format="MarcXchange" type="Bibliographic">
      <leader>00814nas a2200265 c 4500</leader>
      <controlfield tag="001">1043033122</controlfield>
      <controlfield tag="003">DE-101</controlfield>
      <controlfield tag="005">20131016150638.0</controlfield>
      <controlfield tag="007">tu</controlfield>
      <controlfield tag="008">131016c20139999sz u||p|  ||| 0||||0ger c</controlfield>
      <datafield tag="016" ind1="7" ind2=" ">
        <subfield code="2">DE-101</subfield>
        <subfield code="a">1043033122</subfield>
      </datafield>
      <datafield tag="016" ind1="7" ind2=" ">
        <subfield code="2">DE-600</subfield>
        <subfield code="a">2737752-0</subfield>
      </datafield>
      <datafield tag="035" ind1=" " ind2=" ">
        <subfield code="a">(DE-599)ZDB2737752-0</subfield>
      </datafield>
      <datafield tag="040" ind1=" " ind2=" ">
        <subfield code="a">4002</subfield>
        <subfield code="b">ger</subfield>
        <subfield code="c">DE-101</subfield>
        <subfield code="d">4002</subfield>
      </datafield>
      <datafield tag="041" ind1=" " ind2=" ">
        <subfield code="a">ger</subfield>
      </datafield>
      <datafield tag="044" ind1=" " ind2=" ">
        <subfield code="c">XA-CH</subfield>
      </datafield>
      <datafield tag="082" ind1="7" ind2="4">
        <subfield code="a">610</subfield>
        <subfield code="q">DE-600</subfield>
        <subfield code="2">23sdnb</subfield>
      </datafield>
      <datafield tag="084" ind1=" " ind2=" ">
        <subfield code="a">610</subfield>
        <subfield code="q">DE-600</subfield>
        <subfield code="2">sdnb</subfield>
      </datafield>
      <datafield tag="110" ind1="2" ind2=" ">
        <subfield code="0">(DE-588)2140654-6</subfield>
        <subfield code="0">(DE-101)942372344</subfield>
        <subfield code="a">Schweizerische Alzheimervereinigung</subfield>
        <subfield code="4">aut</subfield>
      </datafield>
      <datafield tag="245" ind1="1" ind2="0">
        <subfield code="a">IB / Schweizerische Alzheimervereinigung</subfield>
      </datafield>
      <datafield tag="246" ind1="1" ind2="3">
        <subfield code="i">Nebent.</subfield>
        <subfield code="a">Infoblatt</subfield>
      </datafield>
      <datafield tag="246" ind1="1" ind2="3">
        <subfield code="i">Nebent.</subfield>
        <subfield code="a">Infoblätter</subfield>
      </datafield>
      <datafield tag="260" ind1="3" ind2=" ">
        <subfield code="a">Yverdon-les-Bains</subfield>
        <subfield code="b">Schweizerische Alzheimervereinigung</subfield>
      </datafield>
      <datafield tag="362" ind1="0" ind2=" ">
        <subfield code="a">Nachgewiesen Nr. A30.2013 -</subfield>
      </datafield>
      <datafield tag="515" ind1=" " ind2=" ">
        <subfield code="a">Orig.-Zählung z.B.: IB 163 A 30</subfield>
      </datafield>
    </record>