
  </collection>
  <collection>
    <record format="MarcXchange" type="Bibliographic">
      <leader>00970nas a22002418c 4500</leader>
      <controlfield tag="001">1036678784</controlfield>
      <controlfield tag="003">DE-101</controlfield>
      <controlfield tag="005">20130702175210.0</controlfield>
      <controlfield tag="007">tu</controlfield>
      <controlfield tag="008">130702c20119999sz u||p|  ||| 0||||0ita c</controlfield>
      <datafield tag="016" ind1="7" ind2=" ">
        <subfield code="2">DE-101</subfield>
        <subfield code="a">1036678784</subfield>
      </datafield>
      <datafield tag="016" ind1="7" ind2=" ">
        <subfield code="2">DE-600</subfield>
        <subfield code="a">2722721-2</subfield>
      </datafield>
      <datafield tag="035" ind1=" " ind2=" ">
        <subfield code="a">(DE-599)ZDB2722721-2</subfield>
      </datafield>
      <datafield tag="040" ind1=" " ind2=" ">
        <subfield code="a">1141</subfield>
        <subfield code="b">ger</subfield>
        <subfield code="c">DE-101</subfield>
        <subfield code="d">1141</subfield>
      </datafield>
      <datafield tag="041" ind1=" " ind2=" ">
        <subfield code="a">ita</subfield>
      </datafield>
      <datafield tag="044" ind1=" " ind2=" ">
        <subfield code="c">XA-CH</subfield>
      </datafield>
      <datafield tag="110" ind1="2" ind2=" ">
        <subfield code="0">(DE-588)2140654-6</subfield>
        <subfield code="0">(DE-101)942372344</subfield>
        <subfield code="a">Schweizerische Alzheimervereinigung</subfield>
        <subfield code="4">aut</subfield>
      </datafield>
      <datafield tag="245" ind1="1" ind2="0">
        <subfield code="a">Rapporto annuale / Associazione Alzheimer Svizzera</subfield>
      </datafield>
      <datafield tag="260" ind1="3" ind2=" ">
        <subfield code="a">Yverdon-les-Bains</subfield>
        <subfield code="b">Assoc. Alzheimer Svizzera</subfield>
      </datafield>
      <datafield tag="362" ind1="0" ind2=" ">
        <subfield code="a">Nachgewiesen 2010(2011) -</subfield>
      </datafield>
      <datafield tag="363" ind1="0" ind2="1">
        <subfield code="8">1.1\x</subfield>
        <subfield code="i">2010</subfield>
      </datafield>
      <datafield tag="775" ind1="0" ind2="8">
        <subfield code="i">Franz. Ausg.</subfield>
        <subfield code="a">Schweizerische Alzheimervereinigung</subfield>
        <subfield code="t">Rapport annuel / Association Alzheimer Suisse</subfield>
        <subfield code="w">(DE-600)2722720-0</subfield>
        <subfield code="w">(DE-101)1036678733</subfield>
      </datafield>
      <datafield tag="780" ind1="0" ind2="0">
        <subfield code="i">Dt. Ausg. u. hervorgeg. aus</subfield>
        <subfield code="a">Schweizerische Alzheimervereinigung</subfield>
        <subfield code="t">Jahresbericht / Schweizerische Alzheimervereinigung</subfield>
        <subfield code="w">(DE-600)2087838-2</subfield>
        <subfield code="w">(DE-101)023859105</subfield>
      </datafield>
    </record>
    <record format="MarcXchange" type="Holdings">
      <leader>00479ny  a22001579n 4500</leader>
      <controlfield tag="001">26606647X</controlfield>
      <controlfield tag="003">DE-101</controlfield>
      <controlfield tag="004">1036678784</controlfield>
      <controlfield tag="005">20130703030510.0</controlfield>
      <controlfield tag="008">130702||||||||||||||||ger|||||||</controlfield>
      <datafield tag="016" ind1="7" ind2=" ">
        <subfield code="a">2722721-2</subfield>
        <subfield code="2">DE-600</subfield>
      </datafield>
      <datafield tag="092" ind1=" " ind2=" ">
        <subfield code="a">950200-2</subfield>
        <subfield code="d">101a</subfield>
        <subfield code="k">SAX</subfield>
        <subfield code="l">a</subfield>
        <subfield code="o">b</subfield>
      </datafield>
      <datafield tag="541" ind1=" " ind2=" ">
        <subfield code="e">L-2011-26606647X</subfield>
      </datafield>
      <datafield tag="852" ind1=" " ind2=" ">
        <subfield code="a">DE-101a</subfield>
      </datafield>
      <datafield tag="866" ind1=" " ind2="0">
        <subfield code="z">Gehoert nicht zum Sammelgebiet der Deutschen Nationalbibliothek</subfield>
      </datafield>
      <datafield tag="866" ind1=" " ind2="0">
        <subfield code="x">NSG: fremdspr., im Ausland ersch. Veröff., keine Übers.; Vorlage: 2010. 2.7.13/fp</subfield>
      </datafield>
    </record>