
  </collection>
  <collection>
    <record format="MarcXchange" type="Bibliographic">
      <leader>01111nas a22002538c 4500</leader>
      <controlfield tag="001">989514528</controlfield>
      <controlfield tag="003">DE-101</controlfield>
      <controlfield tag="005">20090118151048.0</controlfield>
      <controlfield tag="007">tu</controlfield>
      <controlfield tag="008">080708c20089999|||u||p|  ||| 0||||0||| c</controlfield>
      <datafield tag="016" ind1="7" ind2=" ">
        <subfield code="2">DE-101</subfield>
        <subfield code="a">989514528</subfield>
      </datafield>
      <datafield tag="016" ind1="7" ind2=" ">
        <subfield code="2">DE-600</subfield>
        <subfield code="a">2436353-4</subfield>
      </datafield>
      <datafield tag="035" ind1=" " ind2=" ">
        <subfield code="a">(DE-599)ZDB2436353-4</subfield>
      </datafield>
      <datafield tag="040" ind1=" " ind2=" ">
        <subfield code="a">1141</subfield>
        <subfield code="b">ger</subfield>
        <subfield code="c">DE-101</subfield>
        <subfield code="d">9999</subfield>
      </datafield>
      <datafield tag="082" ind1="7" ind2="4">
        <subfield code="a">610</subfield>
        <subfield code="q">DE-600</subfield>
        <subfield code="2">22sdnb</subfield>
      </datafield>
      <datafield tag="084" ind1=" " ind2=" ">
        <subfield code="a">610</subfield>
        <subfield code="q">DE-600</subfield>
        <subfield code="2">sdnb</subfield>
      </datafield>
      <datafield tag="110" ind1="2" ind2=" ">
        <subfield code="0">(DE-588)2140654-6</subfield>
        <subfield code="0">(DE-101)942372344</subfield>
        <subfield code="a">Schweizerische Alzheimervereinigung</subfield>
        <subfield code="4">aut</subfield>
      </datafield>
      <datafield tag="245" ind1="1" ind2="0">
        <subfield code="a">Memo / Association Alzheimer Suisse</subfield>
        <subfield code="b">bulletin pour membres et sympathisants</subfield>
        <subfield code="n">[...]</subfield>
        <subfield code="p">[Französische Ausgabe]</subfield>
      </datafield>
      <datafield tag="246" ind1="1" ind2="9">
        <subfield code="a">Memo / Französische Ausgabe</subfield>
      </datafield>
      <datafield tag="260" ind1="3" ind2=" ">
        <subfield code="a">Yverdon-les-Bains</subfield>
        <subfield code="b">Assoc. Alzheimer Suisse</subfield>
      </datafield>
      <datafield tag="362" ind1="0" ind2=" ">
        <subfield code="a">Nachgewiesen 2008 -</subfield>
      </datafield>
      <datafield tag="775" ind1="0" ind2="8">
        <subfield code="i">Dt. Ausg.</subfield>
        <subfield code="a">Schweizerische Alzheimervereinigung</subfield>
        <subfield code="t">Memo / Deutsche Ausgabe / Schweizerische Alzheimervereinigung</subfield>
        <subfield code="w">(DE-600)2423815-6</subfield>
        <subfield code="w">(DE-101)964991209</subfield>
      </datafield>
      <datafield tag="775" ind1="0" ind2="8">
        <subfield code="i">Ital. Ausg.</subfield>
        <subfield code="a">Schweizerische Alzheimervereinigung</subfield>
        <subfield code="t">Memo / Italienische Ausgabe / Associazione Alzheimer Svizzera</subfield>
        <subfield code="w">(DE-600)2436347-9</subfield>
        <subfield code="w">(DE-101)989514285</subfield>
      </datafield>
      <datafield tag="930" ind1=" " ind2=" ">
        <subfield code="a">[Französische Ausgabe]</subfield>
      </datafield>
    </record>
    <record format="MarcXchange" type="Holdings">
      <leader>00466ny  a22001579n 4500</leader>
      <controlfield tag="001">141399902</controlfield>
      <controlfield tag="003">DE-101</controlfield>
      <controlfield tag="004">989514528</controlfield>
      <controlfield tag="005">20081011181644.0</controlfield>
      <controlfield tag="008">080708||||||||||||||||ger|||||||</controlfield>
      <datafield tag="016" ind1="7" ind2=" ">
        <subfield code="a">2436353-4</subfield>
        <subfield code="2">DE-600</subfield>
      </datafield>
      <datafield tag="092" ind1=" " ind2=" ">
        <subfield code="a">950200-2</subfield>
        <subfield code="d">101a</subfield>
        <subfield code="k">SAX</subfield>
        <subfield code="l">a</subfield>
        <subfield code="o">b</subfield>
      </datafield>
      <datafield tag="541" ind1=" " ind2=" ">
        <subfield code="e">L-2008-141399902</subfield>
      </datafield>
      <datafield tag="852" ind1=" " ind2=" ">
        <subfield code="a">DE-101a</subfield>
      </datafield>
      <datafield tag="866" ind1=" " ind2="0">
        <subfield code="z">Gehoert nicht zum Sammelgebiet der Deutschen Nationalbibliothek</subfield>
      </datafield>
      <datafield tag="866" ind1=" " ind2="0">
        <subfield code="x">NSG, da fremdspr. Veröffentlichung des Auslandes, Entsch. Sod, 15.05.08</subfield>
      </datafield>
    </record>