
    <record format="MarcXchange" type="Bibliographic">
      <leader>01484nas a2200409 c 4500</leader>
      <controlfield tag="001">988694379</controlfield>
      <controlfield tag="003">DE-101</controlfield>
      <controlfield tag="005">20130828012904.0</controlfield>
      <controlfield tag="007">tu</controlfield>
      <controlfield tag="008">080514c20089999sz z||p|  ||| 0||||0ger c</controlfield>
      <datafield tag="015" ind1=" " ind2=" ">
        <subfield code="a">08,B24,0321</subfield>
        <subfield code="2">dnb</subfield>
      </datafield>
      <datafield tag="016" ind1="7" ind2=" ">
        <subfield code="2">DE-101</subfield>
        <subfield code="a">988694379</subfield>
      </datafield>
      <datafield tag="016" ind1="7" ind2=" ">
        <subfield code="2">DE-600</subfield>
        <subfield code="a">2426344-8</subfield>
      </datafield>
      <datafield tag="035" ind1=" " ind2=" ">
        <subfield code="a">(DE-599)ZDB2426344-8</subfield>
      </datafield>
      <datafield tag="035" ind1=" " ind2=" ">
        <subfield code="a">(OCoLC)428248297</subfield>
      </datafield>
      <datafield tag="040" ind1=" " ind2=" ">
        <subfield code="a">1141</subfield>
        <subfield code="b">ger</subfield>
        <subfield code="c">DE-101</subfield>
        <subfield code="d">9999</subfield>
      </datafield>
      <datafield tag="041" ind1=" " ind2=" ">
        <subfield code="a">ger</subfield>
      </datafield>
      <datafield tag="044" ind1=" " ind2=" ">
        <subfield code="c">XA-CH</subfield>
      </datafield>
      <datafield tag="082" ind1="7" ind2="4">
        <subfield code="a">360</subfield>
        <subfield code="a">610</subfield>
        <subfield code="q">DE-101</subfield>
        <subfield code="2">22sdnb</subfield>
      </datafield>
      <datafield tag="083" ind1="7" ind2=" ">
        <subfield code="a">070</subfield>
        <subfield code="a">610</subfield>
        <subfield code="q">DE-600</subfield>
        <subfield code="2">22sdnb</subfield>
      </datafield>
      <datafield tag="084" ind1=" " ind2=" ">
        <subfield code="a">360</subfield>
        <subfield code="a">610</subfield>
        <subfield code="q">DE-101</subfield>
        <subfield code="2">sdnb</subfield>
      </datafield>
      <datafield tag="084" ind1=" " ind2=" ">
        <subfield code="a">070</subfield>
        <subfield code="a">610</subfield>
        <subfield code="q">DE-600</subfield>
        <subfield code="2">sdnb</subfield>
      </datafield>
      <datafield tag="090" ind1=" " ind2=" ">
        <subfield code="n">fn</subfield>
      </datafield>
      <datafield tag="245" ind1="1" ind2="0">
        <subfield code="a">Leben mit Demenz</subfield>
        <subfield code="b">Mitgliederbulletin der Schweizerischen Alzheimervereinigung</subfield>
        <subfield code="c">Alzheimer, Schweizerische Alzheimervereinigung</subfield>
      </datafield>
      <datafield tag="246" ind1="1" ind2="3">
        <subfield code="a">Mitgliederbulletin der Schweizerischen Alzheimervereinigung</subfield>
      </datafield>
      <datafield tag="260" ind1="3" ind2=" ">
        <subfield code="a">Yverdon-les-Bains</subfield>
        <subfield code="b">Schweizerische Alzheimervereinigung</subfield>
      </datafield>
      <datafield tag="300" ind1=" " ind2=" ">
        <subfield code="c">30 cm</subfield>
      </datafield>
      <datafield tag="362" ind1="0" ind2=" ">
        <subfield code="a">Nr. 1.2008 -</subfield>
      </datafield>
      <datafield tag="363" ind1="0" ind2="1">
        <subfield code="8">1.1\x</subfield>
        <subfield code="i">2008</subfield>
      </datafield>
      <datafield tag="515" ind1=" " ind2=" ">
        <subfield code="a">Periodizität: unregelmäßig</subfield>
      </datafield>
      <datafield tag="591" ind1=" " ind2=" ">
        <subfield code="a">(üa/Z)</subfield>
      </datafield>
      <datafield tag="710" ind1="2" ind2=" ">
        <subfield code="0">(DE-588)2140654-6</subfield>
        <subfield code="0">(DE-101)942372344</subfield>
        <subfield code="a">Schweizerische Alzheimervereinigung</subfield>
      </datafield>
      <datafield tag="751" ind1=" " ind2=" ">
        <subfield code="0">(DE-588)4067237-2</subfield>
        <subfield code="0">(DE-101)040672379</subfield>
        <subfield code="a">Yverdon-les-Bains</subfield>
        <subfield code="4">dbp</subfield>
        <subfield code="2">gnd</subfield>
      </datafield>
      <datafield tag="775" ind1="0" ind2="8">
        <subfield code="i">Franz. Ausg.</subfield>
        <subfield code="t">Vivre avec Alzheimer</subfield>
        <subfield code="w">(DE-600)2584260-2</subfield>
        <subfield code="w">(DE-101)1008758531</subfield>
      </datafield>
      <datafield tag="775" ind1="0" ind2="8">
        <subfield code="i">Ital. Ausg.</subfield>
        <subfield code="t">Vivere con Alzheimer</subfield>
        <subfield code="w">(DE-600)2584259-6</subfield>
        <subfield code="w">(DE-101)100875840X</subfield>
      </datafield>
      <datafield tag="780" ind1="0" ind2="0">
        <subfield code="i">Vorg.:</subfield>
        <subfield code="t">Alzheimer-Info</subfield>
        <subfield code="w">(DE-600)1447622-8</subfield>
        <subfield code="w">(DE-101)019413211</subfield>
      </datafield>
      <datafield tag="925" ind1="r" ind2=" ">
        <subfield code="a">rb</subfield>
      </datafield>
    </record>
  </collection>
  <collection>
    <record format="MarcXchange" type="Holdings">
      <leader>00404ny  a22001813n 4500</leader>
      <controlfield tag="001">603772412</controlfield>
      <controlfield tag="003">DE-101</controlfield>
      <controlfield tag="004">964991209</controlfield>
      <controlfield tag="005">20110530192332.0</controlfield>
      <controlfield tag="008">030224||||||||||||||||ger|||||||</controlfield>
      <datafield tag="016" ind1="7" ind2=" ">
        <subfield code="a">2423815-6</subfield>
        <subfield code="2">DE-600</subfield>
      </datafield>
      <datafield tag="092" ind1=" " ind2=" ">
        <subfield code="a">950200-2</subfield>
        <subfield code="d">101a</subfield>
        <subfield code="k">SAX</subfield>
        <subfield code="l">a</subfield>
        <subfield code="o">b</subfield>
        <subfield code="y">ge</subfield>
      </datafield>
      <datafield tag="541" ind1=" " ind2=" ">
        <subfield code="e">L-2002-603772412</subfield>
      </datafield>
      <datafield tag="852" ind1=" " ind2=" ">
        <subfield code="8">1</subfield>
      </datafield>
      <datafield tag="852" ind1=" " ind2="1">
        <subfield code="c">Z 2003 B 431</subfield>
        <subfield code="9">00</subfield>
      </datafield>
      <datafield tag="852" ind1=" " ind2=" ">
        <subfield code="a">DE-101a</subfield>
      </datafield>
      <datafield tag="859" ind1="0" ind2="1">
        <subfield code="8">1.1\x</subfield>
        <subfield code="i">2002</subfield>
      </datafield>
      <datafield tag="866" ind1="3" ind2="0">
        <subfield code="a">2002,1 -</subfield>
      </datafield>
    </record>
    <record format="MarcXchange" type="Holdings">
      <leader>00562ny  a22002413n 4500</leader>
      <controlfield tag="001">140783725</controlfield>
      <controlfield tag="003">DE-101</controlfield>
      <controlfield tag="004">964991209</controlfield>
      <controlfield tag="005">20120627083137.0</controlfield>
      <controlfield tag="008">080609||||||||||||||||ger|||||||</controlfield>
      <datafield tag="016" ind1="7" ind2=" ">
        <subfield code="a">2423815-6</subfield>
        <subfield code="2">DE-600</subfield>
      </datafield>
      <datafield tag="092" ind1=" " ind2=" ">
        <subfield code="a">501001-9</subfield>
        <subfield code="d">38 M</subfield>
        <subfield code="k">NRW</subfield>
        <subfield code="l">a</subfield>
        <subfield code="o">b</subfield>
      </datafield>
      <datafield tag="852" ind1=" " ind2=" ">
        <subfield code="8">1</subfield>
      </datafield>
      <datafield tag="852" ind1=" " ind2="1">
        <subfield code="c">Zs.A 6643</subfield>
        <subfield code="9">00</subfield>
      </datafield>
      <datafield tag="852" ind1=" " ind2=" ">
        <subfield code="a">DE-38M</subfield>
      </datafield>
      <datafield tag="859" ind1="0" ind2="0">
        <subfield code="8">1.1\x</subfield>
        <subfield code="i">2005</subfield>
      </datafield>
      <datafield tag="859" ind1="1" ind2="0">
        <subfield code="8">1.2\x</subfield>
        <subfield code="i">2008</subfield>
      </datafield>
      <datafield tag="859" ind1="0" ind2="0">
        <subfield code="8">2.1\x</subfield>
        <subfield code="i">2009</subfield>
      </datafield>
      <datafield tag="859" ind1="0" ind2="0">
        <subfield code="8">3.1\x</subfield>
        <subfield code="i">2010</subfield>
      </datafield>
      <datafield tag="859" ind1="0" ind2="0">
        <subfield code="8">4.1\x</subfield>
        <subfield code="i">2011</subfield>
      </datafield>
      <datafield tag="859" ind1="0" ind2="1">
        <subfield code="8">5.1\x</subfield>
        <subfield code="i">2012</subfield>
      </datafield>
      <datafield tag="866" ind1="3" ind2="0">
        <subfield code="a">2005 - 2008,1; 2009,2; 2010,2; 2011,2-3; 2012 -</subfield>
      </datafield>
      <datafield tag="866" ind1="3" ind2="0">
        <subfield code="z">[L]</subfield>
      </datafield>
    </record>