
    <record format="MarcXchange" type="Bibliographic">
      <leader>01442nas a2200397 c 4500</leader>
      <controlfield tag="001">964991209</controlfield>
      <controlfield tag="003">DE-101</controlfield>
      <controlfield tag="005">20110530192300.0</controlfield>
      <controlfield tag="006">sq</controlfield>
      <controlfield tag="007">tu</controlfield>
      <controlfield tag="008">020807c20029999sz z||p|  ||| 0||||0ger c</controlfield>
      <datafield tag="015" ind1=" " ind2=" ">
        <subfield code="a">03,B14,0471</subfield>
        <subfield code="2">dnb</subfield>
      </datafield>
      <datafield tag="016" ind1="7" ind2=" ">
        <subfield code="2">DE-101</subfield>
        <subfield code="a">964991209</subfield>
      </datafield>
      <datafield tag="016" ind1="7" ind2=" ">
        <subfield code="2">DE-600</subfield>
        <subfield code="a">2423815-6</subfield>
      </datafield>
      <datafield tag="035" ind1=" " ind2=" ">
        <subfield code="a">(DE-599)ZDB2423815-6</subfield>
      </datafield>
      <datafield tag="035" ind1=" " ind2=" ">
        <subfield code="a">(OCoLC)722920868</subfield>
      </datafield>
      <datafield tag="040" ind1=" " ind2=" ">
        <subfield code="a">1130</subfield>
        <subfield code="b">ger</subfield>
        <subfield code="c">DE-101</subfield>
        <subfield code="d">1141</subfield>
      </datafield>
      <datafield tag="041" ind1=" " ind2=" ">
        <subfield code="a">ger</subfield>
      </datafield>
      <datafield tag="044" ind1=" " ind2=" ">
        <subfield code="c">XA-CH</subfield>
      </datafield>
      <datafield tag="082" ind1="7" ind2="4">
        <subfield code="a">610</subfield>
        <subfield code="q">DE-600</subfield>
        <subfield code="2">22sdnb</subfield>
      </datafield>
      <datafield tag="084" ind1=" " ind2=" ">
        <subfield code="a">33</subfield>
        <subfield code="a">610</subfield>
        <subfield code="q">DE-101</subfield>
        <subfield code="2">sdnb</subfield>
      </datafield>
      <datafield tag="084" ind1=" " ind2=" ">
        <subfield code="a">610</subfield>
        <subfield code="q">DE-600</subfield>
        <subfield code="2">sdnb</subfield>
      </datafield>
      <datafield tag="110" ind1="2" ind2=" ">
        <subfield code="0">(DE-588)2140654-6</subfield>
        <subfield code="0">(DE-101)942372344</subfield>
        <subfield code="a">Schweizerische Alzheimervereinigung</subfield>
        <subfield code="4">aut</subfield>
      </datafield>
      <datafield tag="245" ind1="1" ind2="0">
        <subfield code="a">Memo / Schweizerische Alzheimervereinigung</subfield>
        <subfield code="b">Bulletin für Mitglieder und Freunde</subfield>
        <subfield code="n">[...]</subfield>
        <subfield code="p">[Deutsche Ausgabe]</subfield>
      </datafield>
      <datafield tag="246" ind1="1" ind2="9">
        <subfield code="a">Memo / Deutsche Ausgabe</subfield>
      </datafield>
      <datafield tag="247" ind1="1" ind2="0">
        <subfield code="a">Alzheimer-Memo</subfield>
        <subfield code="f">Nebent. teils</subfield>
      </datafield>
      <datafield tag="260" ind1="3" ind2=" ">
        <subfield code="a">Yverdon-les-Bains</subfield>
        <subfield code="b">ALZ</subfield>
      </datafield>
      <datafield tag="300" ind1=" " ind2=" ">
        <subfield code="c">30 cm</subfield>
      </datafield>
      <datafield tag="362" ind1="0" ind2=" ">
        <subfield code="a">2002,1 -</subfield>
      </datafield>
      <datafield tag="363" ind1="0" ind2="1">
        <subfield code="8">1.1\x</subfield>
        <subfield code="i">2002</subfield>
      </datafield>
      <datafield tag="515" ind1=" " ind2=" ">
        <subfield code="a">Anfangs vierteljährl., später 3x jährl.</subfield>
      </datafield>
      <datafield tag="775" ind1="0" ind2="8">
        <subfield code="i">Franz. Ausg.</subfield>
        <subfield code="a">Schweizerische Alzheimervereinigung</subfield>
        <subfield code="t">Memo / Französische Ausgabe / Association Alzheimer Suisse</subfield>
        <subfield code="w">(DE-600)2436353-4</subfield>
        <subfield code="w">(DE-101)989514528</subfield>
      </datafield>
      <datafield tag="775" ind1="0" ind2="8">
        <subfield code="i">Ital. Ausg.</subfield>
        <subfield code="a">Schweizerische Alzheimervereinigung</subfield>
        <subfield code="t">Memo / Italienische Ausgabe / Associazione Alzheimer Svizzera</subfield>
        <subfield code="w">(DE-600)2436347-9</subfield>
        <subfield code="w">(DE-101)989514285</subfield>
      </datafield>
      <datafield tag="889" ind1=" " ind2=" ">
        <subfield code="w">(DE-101)964991209</subfield>
      </datafield>
      <datafield tag="925" ind1="r" ind2=" ">
        <subfield code="a">rb</subfield>
      </datafield>
      <datafield tag="930" ind1=" " ind2=" ">
        <subfield code="a">[Deutsche Ausgabe]</subfield>
      </datafield>
    </record>