
  </collection>
  <collection>
    <record format="MarcXchange" type="Bibliographic">
      <leader>00658nas a22002178c 4500</leader>
      <controlfield tag="001">025815644</controlfield>
      <controlfield tag="003">DE-101</controlfield>
      <controlfield tag="005">20090118142210.0</controlfield>
      <controlfield tag="007">tu</controlfield>
      <controlfield tag="008">040329c20029999|||u||p|  ||| 0||||0||| c</controlfield>
      <datafield tag="016" ind1="7" ind2=" ">
        <subfield code="2">DE-101</subfield>
        <subfield code="a">025815644</subfield>
      </datafield>
      <datafield tag="016" ind1="7" ind2=" ">
        <subfield code="2">DE-600</subfield>
        <subfield code="a">2141329-0</subfield>
      </datafield>
      <datafield tag="035" ind1=" " ind2=" ">
        <subfield code="a">(DE-599)ZDB2141329-0</subfield>
      </datafield>
      <datafield tag="035" ind1=" " ind2=" ">
        <subfield code="a">(OCoLC)645550085</subfield>
      </datafield>
      <datafield tag="040" ind1=" " ind2=" ">
        <subfield code="a">0012</subfield>
        <subfield code="b">ger</subfield>
        <subfield code="c">DE-101</subfield>
        <subfield code="d">9999</subfield>
      </datafield>
      <datafield tag="082" ind1="7" ind2="4">
        <subfield code="a">370</subfield>
        <subfield code="q">DE-600</subfield>
        <subfield code="2">22sdnb</subfield>
      </datafield>
      <datafield tag="084" ind1=" " ind2=" ">
        <subfield code="a">370</subfield>
        <subfield code="q">DE-600</subfield>
        <subfield code="2">sdnb</subfield>
      </datafield>
      <datafield tag="110" ind1="2" ind2=" ">
        <subfield code="0">(DE-588)1247980-9</subfield>
        <subfield code="0">(DE-101)968176224</subfield>
        <subfield code="a">InfraServ</subfield>
        <subfield code="g">Gendorf, Burgkirchen</subfield>
        <subfield code="4">aut</subfield>
      </datafield>
      <datafield tag="245" ind1="1" ind2="0">
        <subfield code="a">Aus- und Weiterbildung / InfraServ Gendorf, Aus- und Weiterbildung</subfield>
      </datafield>
      <datafield tag="260" ind1="3" ind2=" ">
        <subfield code="a">Burgkirchen</subfield>
        <subfield code="b">[s.n.]</subfield>
      </datafield>
      <datafield tag="362" ind1="0" ind2=" ">
        <subfield code="a">Nachgewiesen 2002 -</subfield>
      </datafield>
    </record>
    <record format="MarcXchange" type="Holdings">
      <leader>00367ny  a22001573n 4500</leader>
      <controlfield tag="001">094588082</controlfield>
      <controlfield tag="003">DE-101</controlfield>
      <controlfield tag="004">025815644</controlfield>
      <controlfield tag="005">20070308104207.0</controlfield>
      <controlfield tag="008">021112||||||||||||||||ger|||||||</controlfield>
      <datafield tag="016" ind1="7" ind2=" ">
        <subfield code="a">2141329-0</subfield>
        <subfield code="2">DE-600</subfield>
      </datafield>
      <datafield tag="035" ind1=" " ind2=" ">
        <subfield code="a">(DE-604)8036076564754</subfield>
      </datafield>
      <datafield tag="092" ind1=" " ind2=" ">
        <subfield code="a">800100-5</subfield>
        <subfield code="d">12</subfield>
        <subfield code="k">BAY</subfield>
        <subfield code="l">a</subfield>
        <subfield code="o">c</subfield>
      </datafield>
      <datafield tag="852" ind1=" " ind2="1">
        <subfield code="c">Wird nicht gesammelt</subfield>
        <subfield code="9">00</subfield>
      </datafield>
      <datafield tag="852" ind1=" " ind2=" ">
        <subfield code="a">DE-12</subfield>
      </datafield>
      <datafield tag="866" ind1="3" ind2="0">
        <subfield code="a">Kein Bestand</subfield>
      </datafield>
    </record>
  </collection>
  <collection>
    <record format="MarcXchange" type="Holdings">
      <leader>00375ny  a22001693n 4500</leader>
      <controlfield tag="001">609242350</controlfield>
      <controlfield tag="003">DE-101</controlfield>
      <controlfield tag="004">963938347</controlfield>
      <controlfield tag="005">20111216023021.0</controlfield>
      <controlfield tag="008">020301||||||||||||||||ger|||||||</controlfield>
      <datafield tag="016" ind1="7" ind2=" ">
        <subfield code="a">2642833-7</subfield>
        <subfield code="2">DE-600</subfield>
      </datafield>
      <datafield tag="092" ind1=" " ind2=" ">
        <subfield code="a">950200-2</subfield>
        <subfield code="d">101a</subfield>
        <subfield code="k">SAX</subfield>
        <subfield code="l">a</subfield>
        <subfield code="o">b</subfield>
      </datafield>
      <datafield tag="541" ind1=" " ind2=" ">
        <subfield code="e">L-2001-609242350</subfield>
      </datafield>
      <datafield tag="852" ind1=" " ind2=" ">
        <subfield code="8">1</subfield>
      </datafield>
      <datafield tag="852" ind1=" " ind2="1">
        <subfield code="c">Z 2004 B 329</subfield>
        <subfield code="9">00</subfield>
      </datafield>
      <datafield tag="852" ind1=" " ind2=" ">
        <subfield code="a">DE-101a</subfield>
      </datafield>
      <datafield tag="866" ind1="3" ind2="0">
        <subfield code="a">2001 - 2002</subfield>
      </datafield>
    </record>
    <record format="MarcXchange" type="Holdings">
      <leader>00375ny  a22001693n 4500</leader>
      <controlfield tag="001">598112189</controlfield>
      <controlfield tag="003">DE-101</controlfield>
      <controlfield tag="004">963938347</controlfield>
      <controlfield tag="005">20111216023021.0</controlfield>
      <controlfield tag="008">020228||||||||||||||||ger|||||||</controlfield>
      <datafield tag="016" ind1="7" ind2=" ">
        <subfield code="a">2642833-7</subfield>
        <subfield code="2">DE-600</subfield>
      </datafield>
      <datafield tag="092" ind1=" " ind2=" ">
        <subfield code="a">600100-2</subfield>
        <subfield code="d">101b</subfield>
        <subfield code="k">HES</subfield>
        <subfield code="l">b</subfield>
        <subfield code="o">d</subfield>
      </datafield>
      <datafield tag="541" ind1=" " ind2=" ">
        <subfield code="e">F-2001-598112189</subfield>
      </datafield>
      <datafield tag="852" ind1=" " ind2=" ">
        <subfield code="8">1</subfield>
      </datafield>
      <datafield tag="852" ind1=" " ind2="1">
        <subfield code="c">Z 2004 B 329</subfield>
        <subfield code="9">00</subfield>
      </datafield>
      <datafield tag="852" ind1=" " ind2=" ">
        <subfield code="a">DE-101b</subfield>
      </datafield>
      <datafield tag="866" ind1="3" ind2="0">
        <subfield code="a">2001 - 2002</subfield>
      </datafield>
    </record>