
    <record format="MarcXchange" type="Bibliographic">
      <leader>01074nas a2200313 c 4500</leader>
      <controlfield tag="001">963938347</controlfield>
      <controlfield tag="003">DE-101</controlfield>
      <controlfield tag="005">20111216023021.0</controlfield>
      <controlfield tag="007">tu</controlfield>
      <controlfield tag="008">020228d20012002gw u||p|  ||| 0||||0ger c</controlfield>
      <datafield tag="015" ind1=" " ind2=" ">
        <subfield code="a">06,B31,0020</subfield>
        <subfield code="2">dnb</subfield>
      </datafield>
      <datafield tag="016" ind1="7" ind2=" ">
        <subfield code="2">DE-101</subfield>
        <subfield code="a">963938347</subfield>
      </datafield>
      <datafield tag="016" ind1="7" ind2=" ">
        <subfield code="2">DE-600</subfield>
        <subfield code="a">2642833-7</subfield>
      </datafield>
      <datafield tag="035" ind1=" " ind2=" ">
        <subfield code="a">(DE-599)ZDB2642833-7</subfield>
      </datafield>
      <datafield tag="035" ind1=" " ind2=" ">
        <subfield code="a">(OCoLC)85712776</subfield>
      </datafield>
      <datafield tag="040" ind1=" " ind2=" ">
        <subfield code="a">1240</subfield>
        <subfield code="b">ger</subfield>
        <subfield code="c">DE-101</subfield>
        <subfield code="d">9999</subfield>
      </datafield>
      <datafield tag="041" ind1=" " ind2=" ">
        <subfield code="a">ger</subfield>
      </datafield>
      <datafield tag="044" ind1=" " ind2=" ">
        <subfield code="c">XA-DE</subfield>
      </datafield>
      <datafield tag="082" ind1="7" ind2="4">
        <subfield code="a">230</subfield>
        <subfield code="a">330</subfield>
        <subfield code="a">360</subfield>
        <subfield code="q">DE-101</subfield>
        <subfield code="2">22sdnb</subfield>
      </datafield>
      <datafield tag="083" ind1="7" ind2=" ">
        <subfield code="a">230</subfield>
        <subfield code="a">360</subfield>
        <subfield code="a">330</subfield>
        <subfield code="q">DE-600</subfield>
        <subfield code="2">22sdnb</subfield>
      </datafield>
      <datafield tag="084" ind1=" " ind2=" ">
        <subfield code="a">230</subfield>
        <subfield code="a">330</subfield>
        <subfield code="a">360</subfield>
        <subfield code="q">DE-101</subfield>
        <subfield code="2">sdnb</subfield>
      </datafield>
      <datafield tag="084" ind1=" " ind2=" ">
        <subfield code="a">230</subfield>
        <subfield code="a">360</subfield>
        <subfield code="a">330</subfield>
        <subfield code="q">DE-600</subfield>
        <subfield code="2">sdnb</subfield>
      </datafield>
      <datafield tag="110" ind1="2" ind2=" ">
        <subfield code="0">(DE-588)2100899-1</subfield>
        <subfield code="0">(DE-101)007493940</subfield>
        <subfield code="a">Arbeitslosenzentrum</subfield>
        <subfield code="g">Hannover</subfield>
        <subfield code="4">aut</subfield>
      </datafield>
      <datafield tag="245" ind1="1" ind2="0">
        <subfield code="a">Arbeitslosen-Zentrum Hannover</subfield>
        <subfield code="b">Entwicklung zur Fachberatungsstelle für Arbeitslose und von Arbeitslosigkeit bedrohte Menschen</subfield>
        <subfield code="c">Ev.-Luth. Stadtkirchenverband Hannover ; Arbeitslosen-Zentrum Hannover</subfield>
      </datafield>
      <datafield tag="260" ind1="3" ind2=" ">
        <subfield code="a">Hannover</subfield>
        <subfield code="b">Arbeitslosen-Zentrum Hannover</subfield>
      </datafield>
      <datafield tag="300" ind1=" " ind2=" ">
        <subfield code="c">31 cm</subfield>
      </datafield>
      <datafield tag="362" ind1="0" ind2=" ">
        <subfield code="a">2001 (Juli 2001) [?]-2002</subfield>
      </datafield>
      <datafield tag="889" ind1=" " ind2=" ">
        <subfield code="w">(DE-101)963938347</subfield>
      </datafield>
      <datafield tag="925" ind1="r" ind2=" ">
        <subfield code="a">rb</subfield>
      </datafield>
    </record>