
  </collection>
  <collection>
    <record format="MarcXchange" type="Bibliographic">
      <leader>00827nas a2200265 c 4500</leader>
      <controlfield tag="001">991237374</controlfield>
      <controlfield tag="003">DE-101</controlfield>
      <controlfield tag="005">20120413083717.0</controlfield>
      <controlfield tag="007">tu</controlfield>
      <controlfield tag="008">081113c19949999au z||p|  ||| 0||||0ger c</controlfield>
      <datafield tag="016" ind1="7" ind2=" ">
        <subfield code="2">DE-101</subfield>
        <subfield code="a">991237374</subfield>
      </datafield>
      <datafield tag="016" ind1="7" ind2=" ">
        <subfield code="2">DE-600</subfield>
        <subfield code="a">2464911-9</subfield>
      </datafield>
      <datafield tag="035" ind1=" " ind2=" ">
        <subfield code="a">(DE-599)ZDB2464911-9</subfield>
      </datafield>
      <datafield tag="035" ind1=" " ind2=" ">
        <subfield code="a">(OCoLC)724002632</subfield>
      </datafield>
      <datafield tag="040" ind1=" " ind2=" ">
        <subfield code="a">4060</subfield>
        <subfield code="b">ger</subfield>
        <subfield code="c">DE-101</subfield>
        <subfield code="d">9021</subfield>
      </datafield>
      <datafield tag="041" ind1=" " ind2=" ">
        <subfield code="a">ger</subfield>
      </datafield>
      <datafield tag="044" ind1=" " ind2=" ">
        <subfield code="c">XA-AT</subfield>
      </datafield>
      <datafield tag="082" ind1="7" ind2="4">
        <subfield code="a">630</subfield>
        <subfield code="a">640</subfield>
        <subfield code="a">620</subfield>
        <subfield code="q">DE-600</subfield>
        <subfield code="2">22sdnb</subfield>
      </datafield>
      <datafield tag="084" ind1=" " ind2=" ">
        <subfield code="a">630</subfield>
        <subfield code="a">640</subfield>
        <subfield code="a">620</subfield>
        <subfield code="q">DE-600</subfield>
        <subfield code="2">sdnb</subfield>
      </datafield>
      <datafield tag="110" ind1="2" ind2=" ">
        <subfield code="0">(DE-588)10160947-4</subfield>
        <subfield code="0">(DE-101)983041598</subfield>
        <subfield code="a">Mauch GesmbH &amp; Co. KG</subfield>
        <subfield code="g">Burgkirchen a. d. Alz</subfield>
        <subfield code="4">aut</subfield>
      </datafield>
      <datafield tag="245" ind1="1" ind2="0">
        <subfield code="a">Mauch aktuell</subfield>
        <subfield code="b">Informationsschrift der Firma Mauch Ges.m.b.H. &amp; Co. KG</subfield>
      </datafield>
      <datafield tag="260" ind1="3" ind2=" ">
        <subfield code="a">Burgkirchen</subfield>
        <subfield code="b">[s.n.]</subfield>
      </datafield>
      <datafield tag="362" ind1="0" ind2=" ">
        <subfield code="a">[Ausg. Nr. 1.1994]; Ausg. Nr. 2.1995 -</subfield>
      </datafield>
      <datafield tag="363" ind1="0" ind2="1">
        <subfield code="8">1.1\x</subfield>
        <subfield code="a">1</subfield>
        <subfield code="i">1994</subfield>
      </datafield>
      <datafield tag="515" ind1=" " ind2=" ">
        <subfield code="a">Ersch. unregelmäßig</subfield>
      </datafield>
    </record>
    <record format="MarcXchange" type="Holdings">
      <leader>00517ny  a22002053n 4500</leader>
      <controlfield tag="001">149053126</controlfield>
      <controlfield tag="003">DE-101</controlfield>
      <controlfield tag="004">991237374</controlfield>
      <controlfield tag="005">20090218171441.0</controlfield>
      <controlfield tag="008">070131||||||||||||||||ger|||||||</controlfield>
      <datafield tag="016" ind1="7" ind2=" ">
        <subfield code="a">2464911-9</subfield>
        <subfield code="2">DE-600</subfield>
      </datafield>
      <datafield tag="035" ind1=" " ind2=" ">
        <subfield code="a">(AT-9:OBV)001649720</subfield>
      </datafield>
      <datafield tag="090" ind1=" " ind2=" ">
        <subfield code="a">a</subfield>
      </datafield>
      <datafield tag="092" ind1=" " ind2=" ">
        <subfield code="a">030007-x</subfield>
        <subfield code="d">AT-OÖLB</subfield>
        <subfield code="k">WEU</subfield>
        <subfield code="l">b</subfield>
        <subfield code="o">d</subfield>
      </datafield>
      <datafield tag="852" ind1=" " ind2=" ">
        <subfield code="8">00.01</subfield>
      </datafield>
      <datafield tag="852" ind1=" " ind2="1">
        <subfield code="c">OO-II-15751</subfield>
        <subfield code="9">00</subfield>
      </datafield>
      <datafield tag="852" ind1=" " ind2="2">
        <subfield code="b">ungebundene Jg. Zeitschriftenabt. Regal Nr. 491</subfield>
        <subfield code="9">09</subfield>
      </datafield>
      <datafield tag="852" ind1=" " ind2=" ">
        <subfield code="a">AT-OOeLB</subfield>
      </datafield>
      <datafield tag="859" ind1="0" ind2="1">
        <subfield code="8">1.1\x</subfield>
        <subfield code="i">2001</subfield>
      </datafield>
      <datafield tag="866" ind1="3" ind2="0">
        <subfield code="a">2001,Nov.(=Ausgabe Nr.13) -</subfield>
      </datafield>
    </record>
    <record format="MarcXchange" type="Holdings">
      <leader>00551ny  a22002173n 4500</leader>
      <controlfield tag="001">149070691</controlfield>
      <controlfield tag="003">DE-101</controlfield>
      <controlfield tag="004">991237374</controlfield>
      <controlfield tag="005">20091030171544.0</controlfield>
      <controlfield tag="008">081212||||||||||||||||ger|||||||</controlfield>
      <datafield tag="016" ind1="7" ind2=" ">
        <subfield code="a">2464911-9</subfield>
        <subfield code="2">DE-600</subfield>
      </datafield>
      <datafield tag="035" ind1=" " ind2=" ">
        <subfield code="a">(AT-9:OBV)001797891</subfield>
      </datafield>
      <datafield tag="090" ind1=" " ind2=" ">
        <subfield code="a">a</subfield>
      </datafield>
      <datafield tag="092" ind1=" " ind2=" ">
        <subfield code="a">030001-9</subfield>
        <subfield code="d">AT-ÖNB</subfield>
        <subfield code="k">WEU</subfield>
        <subfield code="l">a</subfield>
        <subfield code="o">c</subfield>
      </datafield>
      <datafield tag="852" ind1=" " ind2=" ">
        <subfield code="8">00.01</subfield>
      </datafield>
      <datafield tag="852" ind1=" " ind2="1">
        <subfield code="c">1,888.036-C.Neu-Per</subfield>
        <subfield code="9">00</subfield>
      </datafield>
      <datafield tag="852" ind1=" " ind2=" ">
        <subfield code="a">AT-OeNB</subfield>
      </datafield>
      <datafield tag="859" ind1="0" ind2="0">
        <subfield code="8">1.1\x</subfield>
        <subfield code="a">1</subfield>
        <subfield code="i">1994</subfield>
      </datafield>
      <datafield tag="859" ind1="0" ind2="1">
        <subfield code="8">2.1\x</subfield>
        <subfield code="a">2</subfield>
        <subfield code="i">1995</subfield>
      </datafield>
      <datafield tag="866" ind1="3" ind2="0">
        <subfield code="a">[Ausg. Nr. 1.1994]; Ausg. Nr. 2.1995 -</subfield>
      </datafield>
      <datafield tag="866" ind1=" " ind2="0">
        <subfield code="z">Lfde. Hefte in Zs.-Ls. benützbar</subfield>
      </datafield>
    </record>
  </collection>
</custom:root>